% BibTeX database for the MSc_Thesis.tex

%%%%%%%%%%%%%%%%%%%%%%%%%%%%%%%%%%%%%%%%%%%%%%%%%%%%%%%%%%
% TEMPLATES
%%%%%%%%%%%%%%%%%%%%%%%%%%%%%%%%%%%%%%%%%%%%%%%%%%%%%%%%%%

%%%%% An article from a journal or magazine.
%
%article{
%  % Required fields:
%  author  = {},
%  title   = {},
%  journal = {},
%  year    = {},
%  % Optional fields:
%  volume  = {},
%  number  = {},
%  pages   = {},
%  month   = {},
%  note    = {}
%}
%
%%%%% A book with an explicit publisher.
%
%book{
%  % Required fields:
%  author    = {}, % or editor
%  editor    = {},
%  title     = {},
%  publisher = {},
%  year      = {},
%  % Optional fields:
%  volume    = {},
%  number    = {},
%  series    = {},
%  address   = {},
%  edition   = {},
%  month     = {},
%  note      = {}
%}
%
%%%%% A work that is printed and bound, but without a named publisher or sponsoring institution.
%
%booklet{
%  % Required field:
%  title        = {},
%  % Optional fields:
%  author       = {},
%  howpublished = {},
%  address      = {},
%  month        = {},
%  year         = {},
%  note         = {}
%}
%
%%%%% The same as INPROCEEDINGS}, included for Scribe compatibility.
%
%conference{
%}
%
%%%%% A part of a book, which may be a chapter (or section or whatever) and/or a range of pages.
%
%inbook{
%  % Required fields:
%  author    = {}, % or editor
%  editor    = {},
%  title     = {},
%  chapter   = {}, % and/or pages
%  pages     = {},
%  publisher = {},
%  year      = {},
%  % Optional fields:
%  volume    = {}, % or number
%  number    = {},
%  series    = {},
%  type      = {},
%  address   = {},
%  edition   = {},
%  month     = {},
%  note      = {}
%}
%
%%%%% A part of a book having its own title.
%
%incollection{
%  % Required fields:
%  author    = {},
%  title     = {},
%  booktitle = {},
%  publisher = {},
%  year      = {},
%  % Optional fields:
%  editor    = {},
%  volume    = {}, % or number
%  number    = {},
%  series    = {},
%  type      = {},
%  chapter   = {},
%  pages     = {},
%  address   = {},
%  edition   = {},
%  month     = {},
%  note      = {}
%}
%
%%%%% An article in a conference proceedings.
%
%inproceedings{
%  % Required fields:
%  author       = {},
%  title        = {},
%  booktitle    = {},
%  year         = {},
%  % Optional fields:
%  editor       = {},
%  volume       = {}, % or number
%  number       = {},
%  series       = {},
%  pages        = {},
%  address      = {},
%  month        = {},
%  organization = {},
%  publisher    = {},
%  note         = {}
%}
%
%%%%% Technical documentation.
%
%manual{
%  % Required field:
%  title        = {},
%  % Optional fields:
%  author       = {},
%  organization = {},
%  address      = {},
%  edition      = {},
%  month        = {},
%  year         = {},
%  note         = {}
%}
%
%%%%% A Master's thesis.
%
%mastersthesis{
%  % Required fields:
%  author  = {},
%  title   = {},
%  school  = {},
%  year    = {},
%  % Optional fields:
%  type    = {},
%  address = {},
%  month   = {},
%  note    = {}
%}
%
%%%%% Use this type when nothing else fits.
%
%misc{
%  % Required fields: none.
%  % Optional fields:
%  author       = {},
%  title        = {},
%  howpublished = {},
%  month        = {},
%  year         = {},
%  note         = {}
%}
%
%%%%% A PhD thesis.
%
%phdthesis{
%  % Required fields:
%  author  = {},
%  title   = {},
%  school  = {},
%  year    = {},
%  % Optional fields:
%  type    = {},
%  address = {},
%  month   = {},
%  note    = {}
%}
%
%%%%% The proceedings of a conference.
%
%proceedings{
%  % Required fields:
%  title        = {},
%  year         = {},
%  % Optional fields:
%  editor       = {},
%  volume       = {}, % or number
%  number       = {},
%  series       = {},
%  address      = {},
%  month        = {},
%  organization = {},
%  publisher    = {},
%  note         = {},
%}
%
%%%%% A report published by a school or other institution, usually numbered within a series.
%
%techreport{
%  % Required fields:
%  author      = {},
%  title       = {},
%  institution = {},
%  year        = {},
%  % Optional fields:
%  type        = {},
%  number      = {},
%  address     = {},
%  month       = {},
%  note        = {}
%}
%
%%%%% A document having an author and title, but not formally published.
%
%unpublished{
%  % Required fields:
%  author = {},
%  title  = {},
%  note   = {},
%  % Optional fields:
%  month  = {},
%  year   = {}
%}

%%%%%%%%%%%%%%%%%%%%%%%%%%%%%%%%%%%%%%%%%%%%%%%%%%%%%%%%%%
% References
%%%%%%%%%%%%%%%%%%%%%%%%%%%%%%%%%%%%%%%%%%%%%%%%%%%%%%%%%%

@article{hector,
   author = "H. Escamilla Nu√±ez and F. Mora Camino",
   title = "Towards 4D Trajectory Tracking for Transport Aircraft",
   journal = "IFAC World Congress",
   year = "2017"}

@article{NLI+NN,
   author = "Abhishek Kumar Shastry and others",
   title = "Neuro-adaptive Augmented Dynamic Inversion Controller for Quadrotor",
   journal = "IFAQ Papers Online",
   year = "2016",
   pages="1,2"}
   
@article{NLI+NN_IFCS,
   author = "M.G. Perhinschi and others",
   title = "Augmentation of a Non Linear Dynamic Inversion Scheme Within the NASA IFCS F-15 WVU Simulator",
   journal = "Proceedings of the American Control Conference",
   year = "2013",
   pages="1667,1668,1669"}


@article{SotA_IFCS,
	author = "SANTOSO and others",
	title = "State-of-the-Art Intelligent Flight Control Systems in Unmanned Aerial Vehicles",
	journal = "IEEE TRANSACTIONS ON AUTOMATION SCIENCE AND ENGINEERING",
	year = "2017",
	pages="1,2"
	}
	
@article{SotA_ControlAlgorithm,
	author = "A. Zulu and S. John",
	title = " A Review of Control Algorithms for Autonomous Quadrotors",
	journal = "Open Journal of Applied Sciences",
	year = "2014",
	pages = "7"}
@article{Comparison_IntelligentSys,
	author = "M. L. Steinberg",
	title = "Comparison of Intelligent, Adaptative and Nonlinear Flight Control Laws",
	journal = "Journal of Guidance, Control and Dynamics",
	year = "2001",
	volume = "24",}
@article{Neuro_fuzzy_survey,
	author = "J. Vieira and F. M. Dias and A. Mota",
	title = "Neuro-fuzzy systems: A survey",
	journal = "Proc. 4th WSEAS Int. Conf. Neural Netw",
	year = "2004"}
@article{online_learning,
	author = "Lakhmi C. Jain and others",
	title = "A review of online learning in supervised neural networks",
	journal = "Neural Comput & Applic",
	year = "2013"}
	
@INPROCEEDINGS{online_adaptiveNN, 
author={Y. Tang and R. J. Patton}, 
booktitle={2013 Conference on Control and Fault-Tolerant Systems (SysTol)}, 
title={Reconfigurable flight control using feedback linearization with online Neural Network adaption}, 
year={2013}, 
volume={}, 
number={}, 
pages={324-329}, 
keywords={adaptive control;aircraft control;autonomous aerial vehicles;control system synthesis;feedback;linearisation techniques;neurocontrollers;nonlinear control systems;stability;NN adaptation algorithms;adaptive neural network based reconfigurable flight control;aerospace applications;concurrent learning network update law;feedback linearization;fixed-gain dynamic compensator synthesis;nonlinear Machan UAV;online neural network adaption;output feedback;reconfigurable ability;Aircraft;Approximation methods;Artificial neural networks;Radio frequency;Stability analysis;Xenon}, 
doi={10.1109/SysTol.2013.6693903}, 
ISSN={2162-1195}, 
month={Oct},}
@INPROCEEDINGS{UAV_adaptive, 
author={T. Xiang and F. Jiang and Q. Hao and W. Cong}, 
booktitle={2016 IEEE International Conference on Multisensor Fusion and Integration for Intelligent Systems (MFI)}, 
title={Adaptive flight control for quadrotor UAVs with dynamic inversion and neural networks}, 
year={2016}, 
pages={174-179}, 
keywords={adaptive control;attitude control;autonomous aerial vehicles;control system synthesis;helicopters;neurocontrollers;nonlinear control systems;robust control;three-term control;trajectory control;uncertain systems;PID control;adaptive flight control;adaptive nonlinear controller;attitude control;neural networks;nonlinear dynamic inversion control;quadrotor UAV;robustness;stabilization;trajectory control;uncertainties;Artificial neural networks;Attitude control;PD control;PI control;Uncertainty;Vehicle dynamics}, 
doi={10.1109/MFI.2016.7849485}, 
month={Sept},}
@INPROCEEDINGS{UAV_adaptive2, 
author={Q. Lin and Z. Cai and Y. Wang and J. Yang and L. Chen}, 
booktitle={2013 Third International Conference on Instrumentation, Measurement, Computer, Communication and Control}, 
title={Adaptive Flight Control Design for Quadrotor UAV Based on Dynamic Inversion and Neural Networks}, 
year={2013}, 
pages={1461-1466}, 
keywords={PD control;adaptive control;aircraft control;attitude control;autonomous aerial vehicles;helicopters;mobile robots;neurocontrollers;nonlinear control systems;robot dynamics;stability;telerobotics;trajectory control;vehicle dynamics;PD controller;Sigma-Pi neural network;UAV pirouette maneuver;UAV vertical maneuver;adaptive flight control design;adaptive flight control theory;attitude dynamic inverse controller;autonomous flight control;compound MTE simulation;controller robustness improvement;cross quadrotor UAV;inverse error dynamics;inverse error elimination;linear neural network;mission-task-elements simulation;nominal nonlinear model;nonlinear dynamic model;parameter uncertainty;time-scale separation principle;trajectory dynamic inverse controller;Adaptation models;Atmospheric modeling;Attitude control;Neural networks;Rotors;Trajectory;Quadrotor UAV;Sigma-Pi NN;adaptive control;compound MTE simulation verification;dynamic inversion}, 
doi={10.1109/IMCCC.2013.326}, 
month={Sept}}

@inbook{Etkin+Reid,
  author    = {Bernard Etkin and Lloyd Duff Reid},
  editor    = {Jonh Wiley & Sons, INC.},
  title     = {Dynamics of Flight Stability and Control},
  year      = {1996},
  chapter   = {3},
}

@inbook{Slotine+Li,
  author    = {Jean-Jacques E. Slotine and Weiping Li},
  pages = {207 -- 270},
  chapter = {6},  
  editor    = {Prentice Hall},
  title     = {Applied nonlinear control},
  year      = {1991},
  }

@article{YANG+LIN_Adaptive_Flight_Control,
	author = "YANG Ning and WU Liao-ni and LIN Qi",
	title = "Adaptive Flight Control Law Based on Neural Networks and Dynamic Inversion for Unmanned Aerial Vehicle",
	journal = "International Conference on Automatic Control and Artificial Intelligence",
	year = "2012",
	pages="355, 356, 357",
}

@INPROCEEDINGS{NN_PID, 
author={Xiaoxiong Liu and Yan Wu and Jingping Shi and Weiguo Zhang}, 
booktitle={2008 IEEE International Conference on Industrial Technology}, 
title={Adaptive fault-tolerant flight control system design using neural networks}, 
year={2008}, 
volume={}, 
number={}, 
pages={1-5}, 
keywords={adaptive control;aircraft control;backpropagation;control system synthesis;fault tolerance;neurocontrollers;nonlinear control systems;optimisation;position control;three-term control;tracking;BP neural network;PID;adaptive fault-tolerant flight control system design;backpropagation;control surface damage;fault aircraft;inversion control;nonlinear system;parameter optimization;reference model;trajectory tracking;Adaptation model;Adaptive systems;Aerospace control;Artificial neural networks;Atmospheric modeling;Fault tolerance;Fault tolerant systems}, 
doi={10.1109/ICIT.2008.4608480}, 
ISSN={}, 
month={April},}

@INPROCEEDINGS{NN_PID2, 
author={F. A. Bu≈£u and R. Lungu and L. F. BƒÉrbulescu}, 
booktitle={2016 20th International Conference on System Theory, Control and Computing (ICSTCC)}, 
title={Adaptive flight control for a launch vehicle based on the concept of dynamic inversion}, 
year={2016}, 
volume={}, 
number={}, 
pages={812-817}, 
keywords={adaptive control;aerospace control;least squares approximations;neurocontrollers;rocket engines;state estimation;adaptive flight control system;dynamic inversion;launch vehicle;least squares method;linear dynamic compensator;linear dynamic state estimator;neural network;online identification block;reactive engines;rocket rotation;Adaptation models;Adaptive control;Aerodynamics;Mathematical model;Rockets;Vehicle dynamics;Vehicles;adaptive control;dynamic inversion;gimbaled nozzle;launch vehicle;model parameters identification}, 
doi={10.1109/ICSTCC.2016.7790768}, 
ISSN={}, 
month={Oct},}

@INPROCEEDINGS{NN_backlash, 
author={J. Campos and F. L. Lewis and R. Selmic}, 
booktitle={Proceedings 2000 ICRA. Millennium Conference. IEEE International Conference on Robotics and Automation. Symposia Proceedings (Cat. No.00CH37065)}, 
title={Backlash compensation in discrete time nonlinear systems using dynamic inversion by neural networks}, 
year={2000}, 
volume={2}, 
number={}, 
pages={1289-1295 vol.2}, 
keywords={MIMO systems;adaptive control;compensation;discrete time systems;dynamics;feedforward;neural nets;nonlinear systems;parameter estimation;stability;MIMO systems;adaptive control;backstepping;discrete-time systems;dynamics;dynamics inversion compensation;feedforward;input backlash;neural networks;nonlinear systems;parameter estimation;stability;tuning;Adaptive control;Backstepping;Control systems;Feedforward neural networks;Neural networks;Nonlinear control systems;Nonlinear dynamical systems;Nonlinear systems;Parameter estimation;Stability}, 
doi={10.1109/ROBOT.2000.844776}, 
ISSN={1050-4729}, 
month={},}

@INPROCEEDINGS{NN_NLI, 
author={Lili and Z. Hua-min}, 
booktitle={2011 2nd International Conference on Intelligent Control and Information Processing}, 
title={Neural network based adaptive dynamic inversion flight control system design}, 
year={2011}, 
volume={1}, 
number={}, 
pages={135-137}, 
keywords={adaptive control;aerospace control;control engineering computing;control system synthesis;neurocontrollers;nonlinear control systems;robust control;adaptive dynamic inversion flight control system;nonlinear inversion design;online learning neural networks;robustness;super-maneuverable flight control law;Adaptive systems;Aerodynamics;Aerospace control;Atmospheric modeling;Biological neural networks;Mathematical model;Nonlinear dynamical systems;adaptive control;dynamic inversion;flight control;neural network}, 
doi={10.1109/ICICIP.2011.6008215}, 
ISSN={}, 
month={July},}

@inbook{NN_inputs,
  author    = {Robert May and Graeme Dandy and Holger Maier },
  editor    = {InTech},
  title     = {Review of Input Variable Selection Methods for Artificial
Neural Networks, Artificial Neural Networks - Methodological Advances and Biomedical Applications},
  year      = {2011},
  chapter   = {2}
}

@book{FPA,
  author    = {Kenneth W. Iliff and Curtis L. Peebles},
  editor    = {NASA History Office},
  title     = {From Runway to Orbit: Reflections of a NASA Engineer},
  year      = {2004},
}

@manual{icing_cond,
  title = {Pilot Guide: Flight in Icing Conditions},
  organization = {Federal Aviation Administration},
  year         = {2015},
  note = {chapter 3},
}

@manual{icing_aopa,
  organization = {AOPA},
  title        = {Safety Advisory - Aircraft Icing},
}

