% BibTeX database for the MSc_Thesis.tex

%%%%%%%%%%%%%%%%%%%%%%%%%%%%%%%%%%%%%%%%%%%%%%%%%%%%%%%%%%
% TEMPLATES
%%%%%%%%%%%%%%%%%%%%%%%%%%%%%%%%%%%%%%%%%%%%%%%%%%%%%%%%%%

%%%%% An article from a journal or magazine.
%
%article{
%  % Required fields:
%  author  = {},
%  title   = {},
%  journal = {},
%  year    = {},
%  % Optional fields:
%  volume  = {},
%  number  = {},
%  pages   = {},
%  month   = {},
%  note    = {}
%}
%
%%%%% A book with an explicit publisher.
%
%book{
%  % Required fields:
%  author    = {}, % or editor
%  editor    = {},
%  title     = {},
%  publisher = {},
%  year      = {},
%  % Optional fields:
%  volume    = {},
%  number    = {},
%  series    = {},
%  address   = {},
%  edition   = {},
%  month     = {},
%  note      = {}
%}
%
%%%%% A work that is printed and bound, but without a named publisher or sponsoring institution.
%
%booklet{
%  % Required field:
%  title        = {},
%  % Optional fields:
%  author       = {},
%  howpublished = {},
%  address      = {},
%  month        = {},
%  year         = {},
%  note         = {}
%}
%
%%%%% The same as INPROCEEDINGS}, included for Scribe compatibility.
%
%conference{
%}
%
%%%%% A part of a book, which may be a chapter (or section or whatever) and/or a range of pages.
%
%inbook{
%  % Required fields:
%  author    = {}, % or editor
%  editor    = {},
%  title     = {},
%  chapter   = {}, % and/or pages
%  pages     = {},
%  publisher = {},
%  year      = {},
%  % Optional fields:
%  volume    = {}, % or number
%  number    = {},
%  series    = {},
%  type      = {},
%  address   = {},
%  edition   = {},
%  month     = {},
%  note      = {}
%}
%
%%%%% A part of a book having its own title.
%
%incollection{
%  % Required fields:
%  author    = {},
%  title     = {},
%  booktitle = {},
%  publisher = {},
%  year      = {},
%  % Optional fields:
%  editor    = {},
%  volume    = {}, % or number
%  number    = {},
%  series    = {},
%  type      = {},
%  chapter   = {},
%  pages     = {},
%  address   = {},
%  edition   = {},
%  month     = {},
%  note      = {}
%}
%
%%%%% An article in a conference proceedings.
%
%inproceedings{
%  % Required fields:
%  author       = {},
%  title        = {},
%  booktitle    = {},
%  year         = {},
%  % Optional fields:
%  editor       = {},
%  volume       = {}, % or number
%  number       = {},
%  series       = {},
%  pages        = {},
%  address      = {},
%  month        = {},
%  organization = {},
%  publisher    = {},
%  note         = {}
%}
%
%%%%% Technical documentation.
%
%manual{
%  % Required field:
%  title        = {},
%  % Optional fields:
%  author       = {},
%  organization = {},
%  address      = {},
%  edition      = {},
%  month        = {},
%  year         = {},
%  note         = {}
%}
%
%%%%% A Master's thesis.
%
%mastersthesis{
%  % Required fields:
%  author  = {},
%  title   = {},
%  school  = {},
%  year    = {},
%  % Optional fields:
%  type    = {},
%  address = {},
%  month   = {},
%  note    = {}
%}
%
%%%%% Use this type when nothing else fits.
%
%misc{
%  % Required fields: none.
%  % Optional fields:
%  author       = {},
%  title        = {},
%  howpublished = {},
%  month        = {},
%  year         = {},
%  note         = {}
%}
%
%%%%% A PhD thesis.
%
%phdthesis{
%  % Required fields:
%  author  = {},
%  title   = {},
%  school  = {},
%  year    = {},
%  % Optional fields:
%  type    = {},
%  address = {},
%  month   = {},
%  note    = {}
%}
%
%%%%% The proceedings of a conference.
%
%proceedings{
%  % Required fields:
%  title        = {},
%  year         = {},
%  % Optional fields:
%  editor       = {},
%  volume       = {}, % or number
%  number       = {},
%  series       = {},
%  address      = {},
%  month        = {},
%  organization = {},
%  publisher    = {},
%  note         = {},
%}
%
%%%%% A report published by a school or other institution, usually numbered within a series.
%
%techreport{
%  % Required fields:
%  author      = {},
%  title       = {},
%  institution = {},
%  year        = {},
%  % Optional fields:
%  type        = {},
%  number      = {},
%  address     = {},
%  month       = {},
%  note        = {}
%}
%
%%%%% A document having an author and title, but not formally published.
%
%unpublished{
%  % Required fields:
%  author = {},
%  title  = {},
%  note   = {},
%  % Optional fields:
%  month  = {},
%  year   = {}
%}

%%%%%%%%%%%%%%%%%%%%%%%%%%%%%%%%%%%%%%%%%%%%%%%%%%%%%%%%%%
% References
%%%%%%%%%%%%%%%%%%%%%%%%%%%%%%%%%%%%%%%%%%%%%%%%%%%%%%%%%%

@article{hector,
   author = "H. Escamilla Nu√±ez,  F. Mora Camino",
   title = "Towards 4D Trajectory Tracking for Transport Aircraft",
   journal = "IFAQ World Congress",
   year = "2017"}

@article{NLI+NN,
   author = "Abhishek Kumar Shastry et al",
   title = "Neuro-adaptive Augmented Dynamic Inversion Controller for Quadrotor",
   journal = "IFAQ Papers Online",
   year = "2016"}
   
@article{NLI+NN_IFCS,
   author = "M.G. Perhinschi et al",
   title = "Augmentation of a Non Linear Dynamic Inversion Scheme Within the NASA IFCS F-15 WVU Simulator",
   journal = "Proceedings of the American Control Conference",
   year = "2013"}
   
@article{NLI+NN_chinese,
   author = "Tian Xiang et al",
   title = "Adaptive Flight Control for Quadrotor UAVs with Dynamic Inversion and Neural Networks",
   journal = "IEEE lntemational Conference on Multisensor Fusion and Integration for Intelligent Systems (MFI)",
   year = "2016"}

@article{SotA_IFCS,
	author = "SANTOSO et al",
	title = "State-of-the-Art Intelligent Flight Control Systems in Unmanned Aerial Vehicles",
	journal = "IEEE TRANSACTIONS ON AUTOMATION SCIENCE AND ENGINEERING",
	year = "2017"}
	
@article{SotA_ControlAlgorithm,
	author = "A. Zulu and S. John",
	title = " A Review of Control Algorithms for Autonomous Quadrotors",
	journal = "Open Journal of Applied Sciences",
	year = "2014"}
@article{Comparison_IntelligentSys,
	author = "M. L. Steinberg",
	title = "Comparison of Intelligent, Adaptative and Nonlinear Flight Control Laws",
	journal = "Journal of Guidance, Control and Dynamics",
	year = "2001"}
@article{Neuro_fuzzy_survey,
	author = "J. Vieira, F. M. Dias, and A. Mota",
	title = "Neuro-fuzzy systems: A survey",
	journal = "Proc. 4th WSEAS Int. Conf. Neural Netw",
	year = "2004"}
@article{online_learning,
	author = "Lakhmi C. Jain et al",
	title = "A review of online learning in supervised neural networks",
	journal = "Neural Comput & Applic",
	year = "2013"}
	
@article{online_adaptiveNN,
	author = "Yimeng Tang and Ron J. Patton",
	title = "Reconfigurable Flight Control using Feedback Linearization with online Neural Network Adaption",
	journal = " Conference on Control and Fault-Tolerant Systems",
	year = "2013"}
@INPROCEEDINGS{UAV_adaptive, 
author={T. Xiang and F. Jiang and Q. Hao and W. Cong}, 
booktitle={2016 IEEE International Conference on Multisensor Fusion and Integration for Intelligent Systems (MFI)}, 
title={Adaptive flight control for quadrotor UAVs with dynamic inversion and neural networks}, 
year={2016}, 
pages={174-179}, 
keywords={adaptive control;attitude control;autonomous aerial vehicles;control system synthesis;helicopters;neurocontrollers;nonlinear control systems;robust control;three-term control;trajectory control;uncertain systems;PID control;adaptive flight control;adaptive nonlinear controller;attitude control;neural networks;nonlinear dynamic inversion control;quadrotor UAV;robustness;stabilization;trajectory control;uncertainties;Artificial neural networks;Attitude control;PD control;PI control;Uncertainty;Vehicle dynamics}, 
doi={10.1109/MFI.2016.7849485}, 
month={Sept},}
@INPROCEEDINGS{UAV_adaptive2, 
author={Q. Lin and Z. Cai and Y. Wang and J. Yang and L. Chen}, 
booktitle={2013 Third International Conference on Instrumentation, Measurement, Computer, Communication and Control}, 
title={Adaptive Flight Control Design for Quadrotor UAV Based on Dynamic Inversion and Neural Networks}, 
year={2013}, 
pages={1461-1466}, 
keywords={PD control;adaptive control;aircraft control;attitude control;autonomous aerial vehicles;helicopters;mobile robots;neurocontrollers;nonlinear control systems;robot dynamics;stability;telerobotics;trajectory control;vehicle dynamics;PD controller;Sigma-Pi neural network;UAV pirouette maneuver;UAV vertical maneuver;adaptive flight control design;adaptive flight control theory;attitude dynamic inverse controller;autonomous flight control;compound MTE simulation;controller robustness improvement;cross quadrotor UAV;inverse error dynamics;inverse error elimination;linear neural network;mission-task-elements simulation;nominal nonlinear model;nonlinear dynamic model;parameter uncertainty;time-scale separation principle;trajectory dynamic inverse controller;Adaptation models;Atmospheric modeling;Attitude control;Neural networks;Rotors;Trajectory;Quadrotor UAV;Sigma-Pi NN;adaptive control;compound MTE simulation verification;dynamic inversion}, 
doi={10.1109/IMCCC.2013.326}, 
month={Sept}}

@book{Etkin+Reid,
  author    = {Bernard Etkin and Lloyd Duff Reid},
  editor    = {Jonh Wiley & Sons, INC.},
  title     = {Dynamics of Flight Stability and Control},
  year      = {1996},
}

@book{Slotine+Li,
  author    = {Jean-Jacques E. Slotine, Weiping Li},
  editor    = {Prentice Hall},
  title     = {Applied nonlinear control},
  year      = {1991},
}

@article{YANG+LIN_Adaptive_Flight_Control,
	author = "YANG Ning, WU Liao-ni*, LIN Qi",
	title = "Adaptive Flight Control Law Based on Neural Networks and Dynamic Inversion for Unmanned Aerial Vehicle",
	journal = "International Conference on Automatic Control and Artificial Intelligence",
	year = "2012"
}

@article{quad_NLI+NN,
	author = "Abhishek Kumar Shastry, Anay Pattanaik, and Mangal Kothari",
	title = "Neuro-adaptive Augmented Dynamic Inversion Controller for Quadrotors",
	journal = "IFAC-PapersOnLine",
	year = "2016"
}

@article{NN_PID,
	author = "Xiaoxiong Liu, Yan Wu, Jingping Shi, Weiguo Zhang",
	title = "Adaptive Fault-tolerant Flight Control System Design Using Neural Networks",
	journal = "IEEE International Conference on Industrial Technology",
	year = "2008"
}
@article{NN_PID2,
	author = "Florentin-Alin Bu≈£u, Romulus Lungu",
	title = "Adaptive flight control for a launch vehicle based on the concept of dynamic inversion",
	journal = "20th International Conference on System Theory, Control and Computing (ICSTCC)",
	year = "2016"
}

@article{NN_backlash,
	author = "J. Campos, F. L. Lewis, R. Selmic",
	title = "Backlash Compensation in Discrete Time Nonlinear Systems Using Dynamic Inversion by Neural Networks",
	journal = "Proceedings of the 2000 IEEE lntemational Conference on Robotics and Automation",
	year = "2000"
}
@article{NN_NLI,
	author = "Lili  ,Zhang hua-min",
	title = "Neural Network Based Adaptive Dynamic Inversion  Flight Control System Design",
	journal = "IEEE International Conference on Intelligent Control and Information Processing",
	year = "2011"
}

@book{NN_inputs,
  author    = {Robert May, Graeme Dandy and Holger Maier },
  editor    = {InTech},
  title     = { Review of Input Variable Selection Methods for Artificial
Neural Networks, Artificial Neural Networks - Methodological Advances and Biomedical Applications},
  year      = {2011},
}

@book{FPA,
  author    = {Kenneth W. Iliff and Curtis L. Peebles},
  editor    = {NASA History Office},
  title     = {From Runway to Orbit: Reflections of a NASA Engineer},
  year      = {2004},
}

@manual{icing_cond,
  title = {Pilot Guide: Flight in Icing Conditions},
  organization = {Federal Aviation Administration},
  year         = {2015},
}

@manual{icing_aopa
  organization       = {AOPA},
  title        = {Safety Advisory - Aircraft Icing},
}

